@article{chapelle1999support,
  title={Support vector machines for histogram-based image classification},
  author={Chapelle, Olivier and Haffner, Patrick and Vapnik, Vladimir N},
  journal={Neural Networks, IEEE Transactions on},
  volume={10},
  number={5},
  pages={1055--1064},
  year={1999},
  publisher={IEEE}
}

%opponent
@article{van2010evaluating,
  title={Evaluating color descriptors for object and scene recognition},
  author={Van De Sande, Koen EA and Gevers, Theo and Snoek, Cees GM},
  journal={Pattern Analysis and Machine Intelligence, IEEE Transactions on},
  volume={32},
  number={9},
  pages={1582--1596},
  year={2010},
  publisher={IEEE}
}